@online{rosebrock2019label,
    author = {Rosebrock, Adrian},
    title = {Label Smoothing with {Keras}, {TensorFlow}, and Deep Learning},
    year = {2019},
    month = {12},
    day = {30},
    url = {https://pyimagesearch.com/2019/12/30/label-smoothing-with-keras-tensorflow-and-deep-learning/},
    urldate = {2025-04-05},
    keywords = {labelsmoothing}
}
